<record><leader>00000cas a22000007a 4500</leader><controlfield tag="001">30455645</controlfield><controlfield tag="008">940518d19181918okudr ne      0    0eng d</controlfield><datafield ind1=" " ind2=" " tag="010"><subfield code="a">sn 94058830 </subfield></datafield><datafield ind1=" " ind2=" " tag="040"><subfield code="a">OBN</subfield><subfield code="b">eng</subfield><subfield code="c">OBN</subfield><subfield code="d">OCL</subfield><subfield code="d">OCLCQ</subfield><subfield code="d">OCLCF</subfield><subfield code="d">OCLCO</subfield></datafield><datafield ind1="1" ind2=" " tag="029"><subfield code="a">AU@</subfield><subfield code="b">000011525550</subfield></datafield><datafield ind1=" " ind2=" " tag="042"><subfield code="a">msc</subfield></datafield><datafield ind1="0" ind2="4" tag="245"><subfield code="a">The Purcell daily topic.</subfield></datafield><datafield ind1=" " ind2=" " tag="260"><subfield code="a">Purcell, Okla. :</subfield><subfield code="b">The Purcell Record Co. Inc.</subfield></datafield><datafield ind1=" " ind2=" " tag="300"><subfield code="a">v.</subfield></datafield><datafield ind1=" " ind2=" " tag="310"><subfield code="a">Daily (except Sunday)</subfield></datafield><datafield ind1="0" ind2=" " tag="362"><subfield code="a">Vol. 1, no. 25 (Apr. 2, 1918)-</subfield></datafield><datafield ind1="1" ind2=" " tag="362"><subfield code="a">Ceased in May 1918.</subfield></datafield><datafield ind1=" " ind2="0" tag="651"><subfield code="a">Purcell (Okla.)</subfield><subfield code="v">Newspapers.</subfield></datafield><datafield ind1=" " ind2="0" tag="651"><subfield code="a">McClain County (Okla.)</subfield><subfield code="v">Newspapers.</subfield></datafield><datafield ind1=" " ind2="7" tag="655"><subfield code="a">Newspapers.</subfield><subfield code="2">fast</subfield><subfield code="0">(OCoLC)fst01423814</subfield></datafield><datafield ind1=" " ind2="7" tag="651"><subfield code="a">Oklahoma</subfield><subfield code="z">McClain County.</subfield><subfield code="2">fast</subfield><subfield code="0">(OCoLC)fst01206613</subfield></datafield><datafield ind1=" " ind2="7" tag="651"><subfield code="a">Oklahoma</subfield><subfield code="z">Purcell.</subfield><subfield code="2">fast</subfield><subfield code="0">(OCoLC)fst01221701</subfield></datafield><datafield ind1=" " ind2=" " tag="752"><subfield code="a">United States</subfield><subfield code="b">Oklahoma</subfield><subfield code="c">McClain</subfield><subfield code="d">Purcell.</subfield></datafield><datafield ind1="0" ind2="0" tag="780"><subfield code="t">Purcell evening topic</subfield><subfield code="w">(DLC)sn 94058829</subfield><subfield code="w">(OCoLC)30455574</subfield></datafield><datafield ind1="0" ind2="0" tag="785"><subfield code="t">Norman daily post</subfield><subfield code="w">(DLC)sn 95076008</subfield><subfield code="w">(OCoLC)30455645</subfield></datafield></record>